<record><leader>00000cas a22000007a 4500</leader><controlfield tag="001">10439881</controlfield><controlfield tag="008">840221d1924192umtuwr ne      0   a0eng d</controlfield><datafield ind1=" " ind2=" " tag="010"><subfield code="a">sn 84036027 </subfield></datafield><datafield ind1=" " ind2=" " tag="040"><subfield code="a">MTL</subfield><subfield code="b">eng</subfield><subfield code="c">MTL</subfield><subfield code="d">EYM</subfield><subfield code="d">OCLCQ</subfield></datafield><datafield ind1=" " ind2=" " tag="042"><subfield code="a">msc</subfield></datafield><datafield ind1="0" ind2=" " tag="130"><subfield code="a">Labor bulletin (Butte, Mont.)</subfield></datafield><datafield ind1="1" ind2="4" tag="245"><subfield code="a">The labor bulletin.</subfield></datafield><datafield ind1=" " ind2=" " tag="260"><subfield code="a">Butte, Mont. :</subfield><subfield code="b">Silver Bow Trades and Labor Assembly</subfield></datafield><datafield ind1=" " ind2=" " tag="300"><subfield code="a">v. ;</subfield><subfield code="c">55 cm.</subfield></datafield><datafield ind1=" " ind2=" " tag="310"><subfield code="a">Weekly</subfield></datafield><datafield ind1=" " ind2=" " tag="500"><subfield code="a">Motto: "We preach the class struggle in the interests of the workers as a class."</subfield></datafield><datafield ind1=" " ind2=" " tag="530"><subfield code="a">Available on microfilm from Micro Photo Division, Bell and Howell.</subfield></datafield><datafield ind1=" " ind2=" " tag="588"><subfield code="a">Description based on: Vol. 1, no. 2 (Apr. 11, 1924).</subfield></datafield><datafield ind1=" " ind2=" " tag="752"><subfield code="a">United States</subfield><subfield code="b">Montana</subfield><subfield code="c">Silver Bow</subfield><subfield code="d">Butte.</subfield></datafield><datafield ind1="0" ind2="0" tag="780"><subfield code="t">Butte bulletin</subfield><subfield code="w">(DLC)sn 83045051</subfield><subfield code="w">(OCoLC)9669611</subfield></datafield><datafield ind1="1" ind2=" " tag="029"><subfield code="a">AU@</subfield><subfield code="b">000025808612</subfield></datafield></record>